<?xml version="1.0" encoding="UTF-8"?><collection xmlns="http://www.loc.gov/MARC21/slim"><record><leader>00458nam--2200145-i-4500</leader><controlfield tag="001">000001568</controlfield><controlfield tag="002">20161230</controlfield><controlfield tag="005">20161230201024</controlfield><controlfield tag="008">060222s1000------------r-----000-0-eng-d</controlfield><datafield ind1=" " ind2=" " tag="080"><subfield code="a">541.12.01</subfield></datafield><datafield ind1=" " ind2=" " tag="100"><subfield code="a">Ginnel, Robert</subfield></datafield><datafield ind1=" " ind2=" " tag="245"><subfield code="a">Association theory.the phases of matter and their transformations</subfield></datafield><datafield ind1=" " ind2=" " tag="260"><subfield code="a">Amsterdam, Elsevier Scientific Publishing Company, 1979. Xiii + 224 P</subfield></datafield><datafield ind1=" " ind2=" " tag="490"><subfield code="a">Studies In Physical And Theoretical Chemistry</subfield></datafield><datafield ind1=" " ind2=" " tag="852"><subfield code="a">47052</subfield></datafield></record></collection>